% This file was created with JabRef 2.10.
% Encoding: Cp1252

@Article{Baumert1989,
  Title                    = {Numerical Simulation of Estuarine Hydrodynamics.},
  Author                   = {Baumert, H. and Bruckner, C. and Kleine, E. and Kluge, R. and Mueller, W. and Unger, S.},
  Journal                  = {Syst. Anal. Model. Simul.},
  Year                     = {1989},
  Number                   = {7},
  Pages                    = {503--506},
  Volume                   = {6},

  Abstract                 = {Greifswalder Bodden, KKW, nur Gleichungen :-(},
  Language                 = {english}
}

@TechReport{Baumert2005awrl,
  Title                    = {Gekoppelte hydrodynamisch-ökologische Simulation zur Bewirtschaftung von Talsperren. Das hydrophysikalisch-ökologische Talsperren- und Seenmodell SALMO-HR - Modelldokumentation und Leitfaden für den Anwender. BMBF-Projekt GETAS, Anlage zum Abschlussbericht.},
  Author                   = {Baumert, H. Z. and Benndorf, J. and Bigalke, K. and Goldmann, D. and Nöhren, I. and Petzoldt, T. and Post, J. and Rolinski, S.},
  Institution              = {TU Dresden, METCON, HYDROMOD, IAMARIS},
  Year                     = {2005},

  Address                  = {Dresden, Pinneberg, Wedel, Hamburg}
}

@Article{Baumert2005a,
  Title                    = {{Modellierung der hydrophysikalischen Prozesse in Talsperren}},
  Author                   = {Baumert, H. Z. and Duwe, K. and Goldmann, D. and Nöhren, I. and Paul, L.},
  Journal                  = {Wasserwirtschaft},
  Year                     = {2005},
  Number                   = {5},
  Pages                    = {23-27},
  Volume                   = {95}
}

@PhdThesis{Benndorf1979a,
  Title                    = {Kausalanalyse, theoretische {S}ynthese und {S}imulation des {E}utrophierungsprozesses in stehenden und gestauten {G}ew\"assern.},
  Author                   = {Benndorf, {J}.},
  School                   = {TU Dresden, Fakult\"at Bau-, Wasser- und Forstwesen},
  Year                     = {1979},
  Type                     = {Habilitationsschrift},

  Language                 = {german},
  Pages                    = {1--165}
}

@Article{Benndorf1988,
  Title                    = {Documentation of the dynamic ecological model {SALMO II}.},
  Author                   = {Benndorf, J.},
  Journal                  = {TU Dresden, Bereich Hydrobiologie},
  Year                     = {1988},
  Pages                    = {1--29 (unpubl.)},

  Language                 = {english}
}

@InCollection{Benndorf1985a,
  Title                    = {The Pelagic Zone of {Lake Stechlin}. An Approach to a Theoretical Model.},
  Author                   = {Benndorf, J. and Koschel, R. and Recknagel, F.},
  Booktitle                = {Lake Stechlin. A Temperate Oligotrophic Lake.},
  Publisher                = {Junk Publishers.},
  Year                     = {1985},
  Editor                   = {Casper, S.J.},
  Pages                    = {443--453},

  Journal                  = {In: Lake Stechlin. A temperate oligotrophic lake. Casper, S.J.(ed.) Dortrecht-Boston-Lancaster: Junk Publishers},
  Keywords                 = {stechlinsee calzit},
  Language                 = {english}
}

@Article{Benndorf1982,
  Title                    = {Problems of application of the ecological model {SALMO} to lakes and reservoirs having various trophic states.},
  Author                   = {Benndorf, J. and Recknagel, F.},
  Journal                  = {Ecological Modelling},
  Year                     = {1982},
  Pages                    = {129--145},
  Volume                   = {17},

  Language                 = {english}
}

@Article{Benndorf1979b,
  Title                    = {{Experimente mit einem dynamischen \"okologischen Modell der Freiwasserregion von Talsperren und Seen.}},
  Author                   = {Benndorf, J. and Recknagel, F.},
  Journal                  = {Acta Hydrochimica et Hydrobiologica},
  Year                     = {1979},
  Number                   = {5},
  Pages                    = {473--490},
  Volume                   = {7},

  Language                 = {german}
}

@Article{Benndorf1979c,
  Title                    = {Development of models for eutrophication and conclusions for the management of water quality.},
  Author                   = {Benndorf, J. and Recknagel, F.},
  Journal                  = {Training course ``Management of surface water ressources with special reference to eutrophication'', Dresden},
  Year                     = {1979},
  Pages                    = {1--27},

  Language                 = {english}
}

@Article{Janse1998,
  Title                    = {A model study on the stability of the macrophyte-dominated state as affected by biological factors},
  Author                   = {Janse, Jan H and van Donk, Ellen and Aldenberg, Tom},
  Journal                  = {Water Research},
  Year                     = {1998},

  Number                   = {9},
  Pages                    = {2696--2706},
  Volume                   = {32},

  ISSN                     = {0043-1354}
}

@Article{Janse1995,
  Title                    = {PCLake: A modelling tool for the evaluation of lake restoration scenarios},
  Author                   = {Janse, Jan H and van Liere, Louis},
  Journal                  = {Water Science and Technology},
  Year                     = {1995},
  Number                   = {8},
  Pages                    = {371--374},
  Volume                   = {31},

  Publisher                = {Elsevier}
}

@InProceedings{Petzoldt1991,
  Title                    = {Monte-{C}arlo-{S}imulation mit dem dynamischen {S}eenmodell {SALMO} zur {A}bsch{"a}tzung von {K}onsequenzen der {I}nputvariablen-{U}nsicherheit.},
  Author                   = {Petzoldt, {T}h. and {R}ecknagel, {F}.},
  Booktitle                = {Informatik-{F}achberichte 296. {P}roceedings des 6. {S}ymposium {I}nformatik f{"u}r den {U}mweltschutz. {M}{"u}nchen, {D}ezember 1991},
  Year                     = {1991},

  Address                  = {Berlin},
  Pages                    = {335--344},
  Publisher                = {Springer-Verlag},

  Language                 = {german}
}

@Article{Petzoldt2005,
  Title                    = {{SALMO: Die ökologische Komponente des gekoppelten Modells}},
  Author                   = {Petzoldt, T. and Rolinski, S. and Rinke, K. and König, M. and Baumert, H. Z. and Benndorf, J.},
  Journal                  = {Wasserwirtschaft},
  Year                     = {2005},
  Pages                    = {28--33},
  Volume                   = {95}
}

@Article{Petzoldt2002,
  Title                    = {{Nutzung eines \"okologischen Simulationsmodells im Entscheidungsfindungsprozess: Anwendung des Modells SALMO auf die Talsperre Bautzen}},
  Author                   = {Petzoldt, T. and Siemens, K.},
  Journal                  = {Wasser und Boden},
  Year                     = {2002},
  Number                   = {9},
  Pages                    = {42-48},
  Volume                   = {54},

  Language                 = {german}
}

@Article{Petzoldt2006,
  Title                    = {Nitrogen emissions into freshwater ecosystems: is there a need for nitrate elimination in all wastewater treatment plants?},
  Author                   = {Petzoldt, Thomas and Uhlmann, Dietrich},
  Journal                  = {Acta hydrochim. hydrobiol.},
  Year                     = {2006},
  Pages                    = {305--324},
  Volume                   = {34},

  Doi                      = {DOI 10.1002/aheh.200500638}
}

@PhdThesis{Recknagel1980,
  Title                    = {Die systemtechnische {P}rozedur zur {M}odellierung und {S}imulation des {E}utrophierungsprozesses in stehenden {G}ew{"a}ssern.},
  Author                   = {Recknagel, {F}.},
  School                   = {TU Dresden, Fakult\"at Bau-, Wasser- und Forstwesen},
  Year                     = {1980},
  Type                     = {Dissertation},

  Language                 = {german},
  Pages                    = {1--155}
}

@Article{Recknagel1982,
  Title                    = {Validation of the ecological simulation model {SALMO}.},
  Author                   = {Recknagel, F. and Benndorf, J.},
  Journal                  = {Int. Rev. Ges. Hydrobiol.},
  Year                     = {1982},
  Number                   = {1},
  Pages                    = {113--125},
  Volume                   = {67},

  Language                 = {english}
}

@Article{Rolinski2005,
  Title                    = {{Das physikalisch-{\"o}kologisch gekoppelte Talsperrenmodell}},
  Author                   = {Rolinski, S. and Petzoldt, T. and Baumert, H. Z. and Bigalke, K and Horn, H. and Benndorf, J.},
  Journal                  = {Wasserwirtschaft},
  Year                     = {2005},
  Pages                    = {34--38},
  Volume                   = {95}
}

@Article{Sachse2014,
  Title                    = {Extending one-dimensional models for deep lakes to simulate the impact of submerged macrophytes on water quality},
  Author                   = {Sachse, René and Petzoldt, Thomas and Blumstock, Maria and Moreira, Santiago and Pätzig, Marlene and Rücker, Jacqueline and Janse, Jan H. and Mooij, Wolf M. and Hilt, Sabine},
  Journal                  = {Environmental Modelling \& Software},
  Year                     = {2014},

  Pages                    = {410--423},
  Volume                   = {61}
}

@Manual{Umlauf2007,
  Title                    = {{GOTM} Sourcecode and Documentation. {V}ersion 4.0},
  Author                   = {Umlauf, Lars and Burchard, Hans and Bolding, Karsten},
  Note                     = {\texttt{http://www.gotm.net}},
  Year                     = {2007},

  Url                      = {http://www.gotm.net}
}

@Article{Willmitzer1998,
  Title                    = {{Einsatz des Simulationsmodells SALMO f\"ur die Bewirtschaftung von Trinkwassertalsperren}},
  Author                   = {Willmitzer, H. and Planke, H. and H{\"o}vel, K.},
  Journal                  = {gwf -- Wasser - Abwasser - ATT Special},
  Year                     = {1998},
  Number                   = {15},
  Pages                    = {42--46},
  Volume                   = {139},

  Language                 = {german}
}
